%% This BibTeX bibliography file was created using BibDesk.
%% http://bibdesk.sourceforge.net/


%% Created for Martin Raming at 2018-04-19 10:55:01 -0600 


%% Saved with string encoding Unicode (UTF-8) 



@article{Sampling,
	Author = {H. J. Landau},
	Date-Added = {2018-04-17 21:42:38 +0000},
	Date-Modified = {2018-04-17 21:44:52 +0000},
	Journal = {IEEE},
	Title = {Sampling, Data Transminsion, and the Nyquist Rate},
	Year = {1967}}

@article{wave2,
	Author = {S. Papargyi-Beskou, D. Polyzos, D.E. Beskos},
	Date-Added = {2018-04-17 21:31:08 +0000},
	Date-Modified = {2018-04-17 21:33:30 +0000},
	Journal = {Solids and Structures},
	Title = {Wave dispersion in gradient elastic solids and structures: A unified treatment},
	Year = {2009}}
@article{Follansbee,
	Author = {P.S. Follansbee, C. Frantz},
	Journal = {Tansactions of the ASME},
	Pages = {93-106},
	Title = {Wave Propagation in the Split
	Hopkinson Pressure Bar},
	Volume = {105},
	Year = {1983}}

@article{Frew,
	Author = {D.J. Frew, M. J. Forrestal, W. Chen},
	Date-Added = {2018-04-17 21:24:28 +0000},
	Date-Modified = {2018-04-17 21:28:11 +0000},
	Journal = {Experimantal Mechincs},
	Pages = {40-46},
	Title = {A Split Hopkinson Pressure Bar Technique to Determine Compresive Stress-strain Data for Rock Materials},
	Volume = {41},
	Year = {2001}}
@article{Frew2002,
	Author = {D.J. Frew, M. J. Forrestal, W. Chen},
	Journal = {Experimantal Mechincs},
	Pages = {93-106},
	Title = {Pulse Shaping Techniques for Testing Brittle Materials
	with a Split Hopkinson Pressure Bar},
	Volume = {42},
	Year = {2002}}

@article{Pulse,
	Author = {D.J. Frew, M. J. Forrestal, W. Chen},
	Date-Added = {2018-04-17 21:19:27 +0000},
	Date-Modified = {2018-04-17 21:21:36 +0000},
	Journal = {Experimantal Mechincs},
	Title = {Pulse Shapinh Techniques for Testing Brittle Materials with a Split Hopkinson Pressure Bar},
	Year = {2002}}

@article{Grote,
	Author = {D.L. Grote, S.W. Park, M. Zhou},
	Date-Added = {2018-04-17 21:05:47 +0000},
	Date-Modified = {2018-04-17 21:07:36 +0000},
	Journal = {Impact Engineering},
	Title = {Dynamic behavior of concreate at high strain rates and pressures: I. expermintal characterization},
	Year = {2001}}

@article{Li,
	Author = {Z. Li, J. Lambros},
	Date-Added = {2018-04-17 21:02:50 +0000},
	Date-Modified = {2018-04-17 21:04:38 +0000},
	Journal = {Composites Science and Technology},
	Title = {Determination of dynamic response of brittle composites by the use of the split Hopkinson pressure bar},
	Year = {1999}}

@inproceedings{Jin2017,
  title={Quasi-static and dynamic experimental studies on the tensile strength and failure pattern of concrete and mortar discs},
  author={Xiaochao Jin and Cheng Hou and Xueling Fan and Chunsheng Lu and Huawei Yang and Xuefeng Shu and Zhihua Wang},
  booktitle={Scientific Reports},
  year={2017}
}

@article{Kolsky,
	Author = {H. Kolsky},
	Date-Added = {2018-04-17 20:58:56 +0000},
	Date-Modified = {2018-04-17 21:23:35 +0000},
	Journal = {Proc. Royal Soc.},
	Title = {An Investigation of the Mechanical Properties of Materials at very High Stain Rates of Loadin},
	Year = {1949}}

@article{WaveProp,
	Author = {P.S. Follansbee, C. Frantz},
	Date-Added = {2018-04-17 20:54:54 +0000},
	Date-Modified = {2018-04-17 20:58:24 +0000},
	Journal = {Engineering Materials And Technology},
	Title = {Wave Propagation in the Split Hopkinson Pressure Bar},
	Year = {1983}}

@article{Gama,
	Author = {Bazle A. Gama, Sergey L. Lopatnikov, John W. Gillespie Jr.},
	Date-Added = {2018-04-17 20:49:29 +0000},
	Date-Modified = {2018-04-17 20:54:50 +0000},
	Journal = {Applied Mechanics},
	Title = {Hopkinson bar experimental technique: A critical review},
	Year = {2004},
	Bdsk-File-1 = {YnBsaXN0MDDUAQIDBAUGJCVYJHZlcnNpb25YJG9iamVjdHNZJGFyY2hpdmVyVCR0b3ASAAGGoKgHCBMUFRYaIVUkbnVsbNMJCgsMDxJXTlMua2V5c1pOUy5vYmplY3RzViRjbGFzc6INDoACgAOiEBGABIAFgAdccmVsYXRpdmVQYXRoWWFsaWFzRGF0YV8QUC4uLy4uLy4uL0Rvd25sb2Fkcy9HYW1hMjAwNF9Ib3BraW5zb25iYXJleHBlcmltZW50YWx0ZWNobmlxdWVBY3JpdGljYWxyZXZpZXcucGRm0hcLGBlXTlMuZGF0YU8RAigAAAAAAigAAgAADE1hY2ludG9zaCBIRAAAAAAAAAAAAAAAAAAAAMjZTl1IKwAAAAhMnR9HYW1hMjAwNF9Ib3BraW5zb25iIzE3QUQ5OUMucGRmAAAAAAAAAAAAAAAAAAAAAAAAAAAAAAAAAAAAAAAAAAABetmc1up50lBERiBDQVJPAAMAAgAACSAAAAAAAAAAAAAAAAAAAAAJRG93bmxvYWRzAAAQAAgAAMjZor0AAAARAAgAANbqzjIAAAABAAwACEydAAhMjQAAkyUAAgBMTWFjaW50b3NoIEhEOlVzZXJzOgBtYXJ0aW5yYW1pbmc6AERvd25sb2FkczoAR2FtYTIwMDRfSG9wa2luc29uYiMxN0FEOTlDLnBkZgAOAHwAPQBHAGEAbQBhADIAMAAwADQAXwBIAG8AcABrAGkAbgBzAG8AbgBiAGEAcgBlAHgAcABlAHIAaQBtAGUAbgB0AGEAbAB0AGUAYwBoAG4AaQBxAHUAZQBBAGMAcgBpAHQAaQBjAGEAbAByAGUAdgBpAGUAdwAuAHAAZABmAA8AGgAMAE0AYQBjAGkAbgB0AG8AcwBoACAASABEABIAWlVzZXJzL21hcnRpbnJhbWluZy9Eb3dubG9hZHMvR2FtYTIwMDRfSG9wa2luc29uYmFyZXhwZXJpbWVudGFsdGVjaG5pcXVlQWNyaXRpY2FscmV2aWV3LnBkZgATAAEvAAAVAAIAE///AACABtIbHB0eWiRjbGFzc25hbWVYJGNsYXNzZXNdTlNNdXRhYmxlRGF0YaMdHyBWTlNEYXRhWE5TT2JqZWN00hscIiNcTlNEaWN0aW9uYXJ5oiIgXxAPTlNLZXllZEFyY2hpdmVy0SYnVHJvb3SAAQAIABEAGgAjAC0AMgA3AEAARgBNAFUAYABnAGoAbABuAHEAcwB1AHcAhACOAOEA5gDuAxoDHAMhAywDNQNDA0cDTgNXA1wDaQNsA34DgQOGAAAAAAAAAgEAAAAAAAAAKAAAAAAAAAAAAAAAAAAAA4g=}}

@manual{dewe,
	Author = {q},
	Date-Added = {2018-02-26 18:46:12 +0000},
	Date-Modified = {2018-02-26 18:46:32 +0000},
	Organization = {q},
	Title = {dewtron 360990}}

@manual{NiOverview,
	Author = {e},
	Date-Added = {2018-02-26 18:44:58 +0000},
	Date-Modified = {2018-02-26 18:45:59 +0000},
	Organization = {e},
	Title = {NI strain Gauge over view}}

@manual{NiTut,
	Author = {w},
	Date-Added = {2018-02-26 18:41:15 +0000},
	Date-Modified = {2018-02-26 18:49:51 +0000},
	Organization = {w},
	Title = {w}}

@book{Shukla,
	Author = {Arun Shukla , James W Dally},
	Date = {2014},
	Optaddendum = {addendum},
	Optafterword = {afterword},
	Optannotator = {annotator},
	Optchapter = {chapter},
	Optcommentator = {commentator},
	Optdoi = {doi},
	Optedition = {edition},
	Opteditor = {editor},
	Opteditora = {editora},
	Opteditorb = {editorb},
	Opteditorc = {editorc},
	Opteprint = {eprint},
	Opteprintclass = {eprintclass},
	Opteprinttype = {eprinttype},
	Optforeword = {foreword},
	Optintroduction = {introduction},
	Optisbn = {isbn},
	Optlanguage = {language},
	Optlocation = {location},
	Optmainsubtitle = {mainsubtitle},
	Optmaintitle = {maintitle},
	Optmaintitleaddon = {maintitleaddon},
	Optnote = {note},
	Optnumber = {number},
	Optoriglanguage = {origlanguage},
	Optpages = {pages},
	Optpagetotal = {pagetotal},
	Optpart = {part},
	Optpublisher = {College House Enterprise},
	Optpubstate = {pubstate},
	Optseries = {series},
	Optsubtitle = {subtitle},
	Opttitleaddon = {titleaddon},
	Opttranslator = {translator},
	Opturl = {url},
	Opturldate = {urldate},
	Optvolume = {volume},
	Optvolumes = {volumes},
	Title = {Experimental Solid Mechanics}}
